% CRDTs
% --------

@inproceedings{shapiro_2011_crdt,
  title = {Conflict-Free Replicated Data Types},
  author = {Shapiro, Marc and
            Preguiça, Nuno M. and
            Baquero, Carlos and
            Zawirski, Marek},
  doi = {10.1007/978-3-642-24550-3_29},
  booktitle = {Proceedings of the 13th International Symposium on Stabilization, Safety, and Security of Distributed Systems},
  series = {{SSS} 2011},
  pages = {386--400},
  year = {2011}
}

% Fixed size sequence CRDTs
% --------

@inproceedings{oster:inria-00108523,
  TITLE = {{Data Consistency for P2P Collaborative Editing}},
  AUTHOR = {Oster, G{\'e}rald and Urso, Pascal and Molli, Pascal and Imine, Abdessamad},
  URL = {https://hal.inria.fr/inria-00108523},
  NOTE = {http://portal.acm.org/},
  BOOKTITLE = {{ACM Conference on Computer-Supported Cooperative Work - CSCW 2006}},
  ADDRESS = {Banff, Alberta, Canada},
  PUBLISHER = {{ACM Press}},
  SERIES = {Proceedings of the 2006 20th anniversary conference on Computer supported cooperative work},
  PAGES = {259 - 268},
  YEAR = {2006},
  MONTH = Nov,
  KEYWORDS = {CSCW ; Collaborative Editing ; Optimistic Replication ; Concurrency Control},
  PDF = {https://hal.inria.fr/inria-00108523/file/OsterCSCW06.pdf},
  HAL_ID = {inria-00108523},
  HAL_VERSION = {v1},
}

@article{ROH2011354,
  title = "Replicated abstract data types: Building blocks for collaborative applications",
  journal = "Journal of Parallel and Distributed Computing",
  volume = "71",
  number = "3",
  pages = "354 - 368",
  year = "2011",
  issn = "0743-7315",
  doi = "https://doi.org/10.1016/j.jpdc.2010.12.006",
  url = "http://www.sciencedirect.com/science/article/pii/S0743731510002716",
  author = "Hyun-Gul Roh and Myeongjae Jeon and Jin-Soo Kim and Joonwon Lee",
  keywords = "Distributed data structures, Optimistic replication, Replicated abstract data types, Optimistic algorithm, Collaboration",
}

@inproceedings{briot:hal-01343941,
  TITLE = {{High Responsiveness for Group Editing CRDTs}},
  AUTHOR = {Briot, Lo{\"i}ck and Urso, Pascal and Shapiro, Marc},
  URL = {https://hal.inria.fr/hal-01343941},
  BOOKTITLE = {{ACM International Conference on Supporting Group Work}},
  ADDRESS = {Sanibel Island, FL, United States},
  YEAR = {2016},
  MONTH = Nov,
  DOI = {10.1145/2957276.2957300},
  KEYWORDS = {CRDT ; linear data structure ; tombstones management},
  PDF = {https://hal.inria.fr/hal-01343941/file/camera-ready-2016-06-27.pdf},
  HAL_ID = {hal-01343941},
  HAL_VERSION = {v1},
}

% Variable size sequence CRDTs
% --------

@INPROCEEDINGS{5158449,
  author={N. {Preguica} and J. M. {Marques} and M. {Shapiro} and M. {Letia}},
  booktitle={2009 29th IEEE International Conference on Distributed Computing Systems},
  title={A Commutative Replicated Data Type for Cooperative Editing},
  year={2009},
  volume={},
  number={},
  pages={395-403},
  keywords={concurrency control;groupware;storage management;text editing;trees (mathematics);commutative replicated data type;concurrent operations;Treedoc;cooperative text editing;identifier space;extended binary tree;metadata storage;tree compacting;Binary trees;Concurrency control;History;Convergence;Concurrent computing;Compaction;Distributed computing;Delay;Automatic control;Writing;commutative replicated data type;distributed algorithms;replicated data;co-operative editing;dense identifier space},
  doi={10.1109/ICDCS.2009.20},
  ISSN={1063-6927},
  month={June},
}

@inproceedings{letia:hal-01248270,
  TITLE = {{Consistency without concurrency control in large, dynamic systems}},
  AUTHOR = {Letia, Mihai and Pregui{\c c}a, Nuno and Shapiro, Marc},
  URL = {https://hal.inria.fr/hal-01248270},
  BOOKTITLE = {{LADIS 2009 - 3rd ACM SIGOPS International Workshop on Large Scale Distributed Systems and Middleware}},
  ADDRESS = {Big Sky, MT, United States},
  PUBLISHER = {{Assoc. for Computing Machinery}},
  SERIES = {Operating Systems Review},
  VOLUME = {44},
  NUMBER = {2},
  PAGES = {29--34},
  YEAR = {2009},
  MONTH = Oct,
  DOI = {10.1145/1773912.1773921},
  KEYWORDS = {alg ; rep},
  PDF = {https://hal.inria.fr/hal-01248270/file/LS-consistency-ladis-2009.pdf},
  HAL_ID = {hal-01248270},
  HAL_VERSION = {v1},
}

@inproceedings{WeissICDCS09,
  author    = {St\'ephane Weiss and Pascal Urso and Pascal Molli},
  title     = {Logoot : A Scalable Optimistic Replication Algorithm for Collaborative Editing on {P2P} Networks},
  booktitle = {Proceedings of the 29th International Conference on Distributed Computing Systems - ICDCS 2009},
  issn      = {1063-6927},
  year      = 2009,
  month     = jun,
  pages     = {404--412},
  doi       = {10.1109/ICDCS.2009.75},
  url       = {http://doi.ieeecomputersociety.org/10.1109/ICDCS.2009.75},
  address   = {Montreal, QC, Canada},
  publisher = {IEEE Computer Society},
}

@inproceedings{zawirski:hal-01248197,
  TITLE = {{Asynchronous rebalancing of a replicated tree}},
  AUTHOR = {Zawirski, Marek and Shapiro, Marc and Pregui{\c c}a, Nuno},
  URL = {https://hal.inria.fr/hal-01248197},
  BOOKTITLE = {{Conf{\'e}rence Fran{\c c}aise en Syst{\`e}mes d'Exploitation (CFSE)}},
  ADDRESS = {Saint-Malo, France},
  PAGES = {12},
  YEAR = {2011},
  MONTH = May,
  PDF = {https://hal.inria.fr/hal-01248197/file/Asynch%2520rebalancing%2520of%2520a%2520replicated%2520tree%2520Zawirski-CFSE-2011.pdf},
  HAL_ID = {hal-01248197},
  HAL_VERSION = {v1},
}

@inproceedings{AndreCollaborateCom2013,
  author    = {Luc André and Stéphane Martin and Gérald Oster and Claudia-Lavinia Ignat},
  title     = {Supporting Adaptable Granularity of Changes for Massive-Scale Collaborative Editing},
  booktitle = {International Conference on Collaborative Computing: Networking, Applications and Worksharing - CollaborateCom 2013},
  year      = 2013,
  pages     = {50--59},
  month     = oct,
  publisher = {IEEE Computer Society},
  address   = {Austin, TX, USA},
  doi       = {10.4108/icst.collaboratecom.2013.254123},
}

@inproceedings{nedelec_2013_lseq,
  title = {{LSEQ:} an adaptive structure for sequences in distributed collaborative editing},
  author = {Nédelec, Brice and
           Molli, Pascal and
           Mostéfaoui, Achour and
           Desmontils, Emmanuel},
  doi = {10.1145/2494266.2494278},
  booktitle = {Proceedings of the 2013 {ACM} Symposium on Document Engineering},
  series = {DocEng 2013},
  pages = {37--46},
  month = sep,
  year = {2013}
}

@article{doi:10.1002/cpe.4108,
author = {Nédelec, Brice and Molli, Pascal and Mostéfaoui, Achour},
title = {A scalable sequence encoding for collaborative editing},
journal = {Concurrency and Computation: Practice and Experience},

volume = {n/a},
number = {n/a},
pages = {e4108},
keywords = {real-time collaborative editing, optimistic replication, replicated sequences},
doi = {10.1002/cpe.4108},
url = {https://onlinelibrary.wiley.com/doi/abs/10.1002/cpe.4108},
eprint = {https://onlinelibrary.wiley.com/doi/pdf/10.1002/cpe.4108},
note = {e4108 cpe.4108},
}

% Miscellaneous
% --------

@InProceedings{10.1007/978-3-662-43352-2_11,
  author="Baquero, Carlos
  and Almeida, Paulo S{\'e}rgio
  and Shoker, Ali",
  editor="Magoutis, Kostas
  and Pietzuch, Peter",
  title="Making Operation-Based CRDTs Operation-Based",
  booktitle="Distributed Applications and Interoperable Systems",
  year="2014",
  publisher="Springer Berlin Heidelberg",
  address="Berlin, Heidelberg",
  pages="126--140"
}
